@article{Biswas2018superpixel:1,
	author = {Biswas, Topu and Fauzi, Mohammad Faizal Ahmad and Abas, Fazly Salleh and Nair, Harikrishna K.R.},
	journal = {2018 IEEE 16th Student Conference on Research and Development, SCOReD 2018},
	pages = {1--6},
	publisher = {IEEE},
	title = {{Superpixel Classification with Color and Texture Features for Automated Wound Area Segmentation}},
	year = {2018}
}

@article{NaiaraVogt2020quality:2,
	author = {Vogt, Naiara Tatiele and Koller, Francisco Jose and Santos, Pamella Naiana Dias and Lenhani, Bruna Eloise and  Guimar{\~{a}}es, Paulo Ricardo Bittencourt and Kalinke, Luciana Puchalski},
	journal = {Investigacion y Educacion en Enfermeria},
	number = {3},
	pages = {1--12},
	title = {{Quality of life assessment in chronic wound patients using the Wound-QoL and FLQA-Wk instruments}},
	volume = {38},
	year = {2020}
}

@article{Safitri2022hubungan:3,
	author = {Safitri, Nelly Adelian Nur and Purwanti, Lina Ema and Andayani, Sri},
	journal = {Health Sciences Journal},
	number = {1},
	pages = {67--74},
	title = {{Hubungan Perilaku Perawatan Kaki Dengan Kualitas Hidup Pasien Diabetes Melitus Di RSU Muhammadiyah Dan Klinik Rulia Medika Ponorogo}},
	volume = {6},
	year = {2022}
}

@article{Rahmadati2023rancang:4,
	author = {Rahmadati, Salsa},
	title = {{Rancang Bangun Aplikasi dan Web Service Pengkajian Luka Kronis Khususnya Modul Pengolahan Citra Berbasis Android}},
	year = {2023}
}

@article{Aryani2018rancang:6,
	author = {Aryani, Ratna and Yusro, Muhammad and Suryana, Muhammad Eka and Firmansyah, Imam},
	title = {{Rancang Bangun Aplikasi Mobile Android Sebagai Alat Deteksi Warna Dasar Luka Dalam Membantu Proses Pengkajian Luka Kronis Dengan Nekrosis}},
	url = {https://docplayer.info/158446739-Disusun-oleh-ratna-aryani-muhammad-yusro-m-eka-suryana-imam-firmansyah.html},
	year = {2018}
}

@article{Aryani2016accelerating:7,
	author = {Aryani, Ratna},
	title = {{Accelerating Wound Healing Process By Using Moist Dressing}},
	url = {https://www.researchgate.net/publication/313894814},
	year = {2016}
}

@article{Khairunnisa2021pengaruh:8,
	author = {Khairunnisa, Aprilia},
	title = {{Pengaruh Penggunaan Color Model Lab Dalam Kalibrasi Warna Luka Menggunakan Metode Segmentasi K-Means dan Mean Shift}},
	year = {2021}
}

@article{Rizki2022deteksi:9,
	author = {Rizki, Muhammad},
	title = {{Deteksi Keliling Luka Kronis Menggunakan Active Contour ( Snake ) dan Active Contour yang Ditambahkan Interpolasi}},
	year = {2022}
}

@article{Ardiansyah2021analisis:10,
	author = {Ardiansyah and Effiyaldi},
	journal = {Jurnal Ilmiah Sistem Informasi, Teknologi Informasi dan Sistem Komputer},
	number = {1},
	pages = {188--197},
	title = {{Analisis dan Perancangan Sistem Informasi Manajemen Rumah Sakit Berbasis Website Pada Rumah Sakit Umum Kambang Kota Jambi}},
	url = {http://ejournal.stikom-db.ac.id/index.php/manajemensisteminformasi/article/view/1062},
	volume = {6},
	year = {2021}
}

@article{Gunawan2011sistem:11,
	author = {Susanto, Gunawan and Sukadi},
	journal = {Journal Speed Sentra Penelitian Engineering dan Edukasi},
	number = {4},
	pages = {18--24},
	title = {{Sistem Informasi Rekam Medis Pada Rumah Sakit Umum Daerah (RSUD) Pacitan Berbasis Web Base}},
	volume = {3},
	year = {2021}
}

@article{Carminah2021aplikasi:12,
	author = {Carminah, Inah and Suheryadi, Adi and Puspaningrum, Alifia},
	journal = {Seminar Nasional Teknologi Terapan (SEMITERA)},
	pages = {130--138},
	title = {{Aplikasi Monitoring Perawatan Luka Aplikasi Monitoring Perawatan Luka Diabetes Mellitus Berbasis Website}},
	year = {2021}
}

@article{Purnama2013metode:13,
	author = {Purnama, Sigit},
	doi = {10.21927/literasi.2013.4(1).19-32},
	issn = {2085-0344},
	journal = {LITERASI (Jurnal Ilmu Pendidikan)},
	keywords = {development research},
	number = {1},
	pages = {19},
	title = {{Metode Penelitian Dan Pengembangan (Pengenalan Untuk Mengembangkan Produk Pembelajaran Bahasa Arab)}},
	volume = {4},
	year = {2013}
}

@book{FitzGerald1981Fundamental:14,
	author = {FitzGerald, Jerry and Stallings, Warren D., and Fitzgerald, Ardra F.},
	title = {Fundamentals of
	systems analysis},
	year = {1981},
	publisher = {John Wiley \& Sons, Inc.}
}

@book{Robert2001Sistem:15,
	author = {A. Leitch, Robert and Davis, K. Roscow},
	title = {Sistem Informasi},
	year = {2001},
	publisher = {PT. Prenhallindo}
}

@article{Suendri2019metode:13,
	author = {Suendri},
	journal = {Jurnal Ilmu Komputer dan Informatika},
	keywords = {database,modeling,oracle,remuneration,uml},
	number = {1},
	pages = {1--9},
	title = {{Implementasi Diagram UML (Unified Modelling Language) Pada Perancangan Sistem Informasi Remunerasi Dosen Dengan Database Oracle (Studi Kasus: UIN Sumatera Utara Medan)}},
	volume = {3},
	year = {2019}
}

@article{Fatima2013Perangcangan:14,
	author = {Fatima, S.},
	journal = {Kisaran: AMIK Royal Kisaran},
	title = {{Perancangan Sistem Informasi Penjualan Mebel Online pada UD. Melindo Jaya.}},
	year = {2013}
}

@book{Widodo2011Menggunakan,
	author = { Widodo, Prabowo Pudjo and Prabowo, H.},
	title = {{Menggunakan UML}},
	year = {2011},
	publisher = {Informatika Bandung}
}

@book{Whitten2004Metode,
	author = { Whitten, J. L. and Bentley, L. D. and Dittman, K. C.},
	title = {{Metode desain dan analisis sistem}},
	year = {2004},
	publisher = {Andi Offset, Yogyakarta}
}

@article{Haviluddin2011Memahami,
	author = { Haviluddin, H.},
	title = {{Memahami Penggunaan UML (Unified Modelling Language)}},
	year = {2011},
	publisher = {Jurnal Informatika Mulawarman},
	volume = {6},
	number = : {1}
}

@article{Oziera2016The,
	author = { Oziera{\'{n}}ska, Aneta and Skomra, Agnieszka and Kuchta, Dorota and Rola, Pawe{\l}},
	doi = {10.22367/jem.2016.25.06},
	issn = {17321948},
	journal = {Journal of Economics and Management},
	number = {3},
	pages = {79--96},
	title = {{The critical factors of Scrum implementation in IT projectâ€“ the case study}},
	volume = {25},
	year = {2016}
}


